<record><leader>00000cas a22000007a 4500</leader><controlfield tag="001">32734314</controlfield><controlfield tag="008">950629d19uu1941okudr n       0    0eng d</controlfield><datafield ind1=" " ind2=" " tag="010"><subfield code="a">sn 95076265 </subfield></datafield><datafield ind1=" " ind2=" " tag="040"><subfield code="a">OBN</subfield><subfield code="b">eng</subfield><subfield code="c">OBN</subfield><subfield code="d">OCLCQ</subfield><subfield code="d">OCLCF</subfield><subfield code="d">OCLCO</subfield></datafield><datafield ind1="1" ind2=" " tag="029"><subfield code="a">AU@</subfield><subfield code="b">000011869125</subfield></datafield><datafield ind1=" " ind2=" " tag="042"><subfield code="a">msc</subfield></datafield><datafield ind1=" " ind2=" " tag="043"><subfield code="a">n-us-ok</subfield></datafield><datafield ind1="0" ind2="0" tag="245"><subfield code="a">Stillwater daily press.</subfield></datafield><datafield ind1=" " ind2=" " tag="260"><subfield code="a">Stillwater, Okla. :</subfield><subfield code="b">Hinkle and Sons</subfield></datafield><datafield ind1=" " ind2=" " tag="300"><subfield code="a">v.</subfield></datafield><datafield ind1=" " ind2=" " tag="310"><subfield code="a">Daily (except Sat.)</subfield></datafield><datafield ind1="0" ind2=" " tag="362"><subfield code="a">-v. 32, no. 268 (Nov. 9, 1941).</subfield></datafield><datafield ind1=" " ind2=" " tag="580"><subfield code="a">Weekly edition : Stillwater gazette (Stillwater, Okla. : 1895).</subfield></datafield><datafield ind1=" " ind2=" " tag="588"><subfield code="a">Description based on: Vol. 28, no. 267 (Nov. 11, 1937).</subfield></datafield><datafield ind1=" " ind2="0" tag="651"><subfield code="a">Stillwater (Okla.)</subfield><subfield code="v">Newspapers.</subfield></datafield><datafield ind1=" " ind2="0" tag="651"><subfield code="a">Payne County (Okla.)</subfield><subfield code="v">Newspapers.</subfield></datafield><datafield ind1=" " ind2="7" tag="655"><subfield code="a">Newspapers.</subfield><subfield code="2">fast</subfield><subfield code="0">(OCoLC)fst01423814</subfield></datafield><datafield ind1=" " ind2="7" tag="651"><subfield code="a">Oklahoma</subfield><subfield code="z">Payne County.</subfield><subfield code="2">fast</subfield><subfield code="0">(OCoLC)fst01219312</subfield></datafield><datafield ind1=" " ind2="7" tag="651"><subfield code="a">Oklahoma</subfield><subfield code="z">Stillwater.</subfield><subfield code="2">fast</subfield><subfield code="0">(OCoLC)fst01205001</subfield></datafield><datafield ind1=" " ind2=" " tag="752"><subfield code="a">United States</subfield><subfield code="b">Oklahoma</subfield><subfield code="c">Payne</subfield><subfield code="d">Stillwater.</subfield></datafield><datafield ind1="0" ind2=" " tag="775"><subfield code="t">Stillwater gazette (Stillwater, Okla. : 1895)</subfield><subfield code="w">(DLC)sn 95076256</subfield></datafield><datafield ind1="0" ind2="0" tag="780"><subfield code="t">Daily press (Stillwater, Okla.)</subfield><subfield code="w">(DLC)sn 95076254</subfield><subfield code="w">(OCoLC)32733314</subfield></datafield><datafield ind1="0" ind2="7" tag="785"><subfield code="t">Stillwater daily news</subfield><subfield code="w">(DLC)sn 95076270</subfield><subfield code="w">(OCoLC)32752545</subfield></datafield><datafield ind1="0" ind2="7" tag="785"><subfield code="t">Stillwater daily news-press</subfield><subfield code="w">(DLC)sn 95076267</subfield><subfield code="w">(OCoLC)27303194</subfield></datafield></record>